% This file was created with JabRef 2.8.1.
% Encoding: UTF-8

@ARTICLE{new9,
  author = {G caro and M. Dorigo},
  title = {Antnet - Distributed Stigmergetic Control for Communications Networks},
  journal = {Journal of Artificial Intelligence Research},
  year = {1998},
  volume = {9},
  pages = {317--356}
}

@INPROCEEDINGS{IEEEexample:ref8,
  author = {A. Gamal, J. Mammen and others},
  title = {Throughput-Delay Trade-off in Wireless Networks},
  booktitle = {proc. Twenty-third AnnualJoint Conference of the {IEEE} Computer
	and Communications Societies INFOCOM},
  year = {2004}
}

@INPROCEEDINGS{IEEEexample:ref16,
  author = {A. M. Abdel-Moniem, M.H. Mohamed and A. Hedar},
  title = {An ant colony optimization algorithm for the mobile ad hoc network
	routing problem based on AODV protocol},
  booktitle = {Proc. 10th International Conference on Intelligent Systems Design
	and Applications (ISDA)},
  year = {2010},
  pages = {1332--1337},
  month = {december}
}

@ARTICLE{ref6,
  author = {A.Norouzi, F.S Babamir and A.H.Zaim},
  title = {A Novel Energy Efficient Routing Protocol in Wireless Sensor Networks},
  journal = {Journal of Wireless Sensor Network},
  year = {2011},
  volume = {3},
  pages = {1--10},
  number = {10}
}

@INPROCEEDINGS{new4,
  author = {A. Tarek, Sampels},
  title = {Optimization of Circular Networks by Genetic Algorithms.},
  booktitle = {Proc. Third Middle East Symposium on Simulation and Modelling},
  year = {2001}
}

@ARTICLE{IEEEexample:ref36,
  author = {K. Akkaya and M. Younis},
  title = {A survey on clustering algorithms for wireless sensor networks},
  journal = {Computer Communications},
  year = {2009},
  volume = {30},
  pages = {2826--2841},
  number = {12}
}

@ARTICLE{IEEEexample:ref34,
  author = {Jamal N. Al-Karaki and Ahmed E. Kamal},
  title = {Routing techniques in wireless sensor networks: A survey},
  journal = {IEEE Wireless Communications},
  year = {2004},
  volume = {11},
  pages = {6--28},
  issue = {6}
}

@MISC{new20,
  author = {B. Bullnheimer, R. F. Hartl, and C. Straub},
  title = {An Adaptive Ant-Based Routing Algorithm Using Routing History in
	Dynamic Networks},
  howpublished = {Nagoya Institute of Technology, Nagoya, Japan},
  year = {2008}
}

@MISC{new18,
  author = {B. Bullnheimer, R. F. Hartl, and C. Straub},
  title = {A New Rank Based Version of the Ant System â€“ A Computational Study.},
  howpublished = {Technical Report POM-10/97, Institute of Management Science, University
	of Vienna},
  year = {1997}
}

@ARTICLE{ref11a,
  author = {B. Krishnamachari, D. Estrin, and S. Wicker},
  title = {Modeling data-centric routing in wireless sensor networks},
  journal = {Wireless Communications},
  year = {2002},
  volume = {1},
  pages = {660--670}
}

@ARTICLE{ref4,
  author = {B. Krishnamachari, D. Estrin, and S. Wicker},
  title = {Modeling data-centric routing in wireless sensor networks},
  journal = {Wireless Communications},
  year = {2002},
  volume = {1},
  pages = {660--670}
}

@MISC{new16,
  author = {John S. Baras and Harsh Mehta},
  title = {A Probabilistic Emergent Routing Algorithm for Mobile Ad Hoc Networks},
  year = {2003}
}

@INPROCEEDINGS{new7,
  author = {G. Beni},
  title = {The Concept of Cellular Robotic System},
  booktitle = {Proc. {IEEE} Int. Symp. On Intelligent Control, {IEEE} Computer Society
	Press},
  year = {2001}
}

@ARTICLE{IEEEexample:ref38,
  author = {Christian Blum and Andera Roli},
  title = {Metaheuristics in Combinatorial Optimization: Overview and Conceptual
	Comparison},
  journal = {ACM Computing Surveys},
  year = {2003},
  volume = {3},
  pages = {268--308}
}

@MISC{IEEEexample:ref3,
  author = {C. Perkins, E. B. Royer and S. Das},
  title = {Ad hoc on-demand distance vector ({AODV}) routing},
  howpublished = {RFC 3561},
  month = {july},
  year = {2003}
}

@INPROCEEDINGS{IEEEexample:ref20,
  author = {G. Di Caro and M. Dorigo},
  title = {Mobile agents for adaptive routing},
  booktitle = {proc. The Thirty-First Hawaii International Conference on System
	Sciences},
  year = {1998},
  pages = {74--83},
  month = {august}
}

@MISC{IEEEexample:rfc1,
  author = {S. Corson and J. Macker},
  title = {Mobile Ad hoc Networking (MANET): Routing Protocol Performance Issues
	and Evaluation Considerations},
  howpublished = {RFC 2501},
  month = {jan},
  year = {1999}
}

@MISC{IEEEexample:rfc2,
  author = {D. Johnson, Y. Hu and D. Maltz},
  title = {The Dynamic Source Routing Protocol ({DSR}) for Mobile Ad Hoc Networks
	for IPv4},
  howpublished = {RFC 4728},
  month = {feb},
  year = {2007}
}

@ARTICLE{new6,
  author = {D. Mitra, F. Romeo, A. Sangiovanni-Vincetelli},
  title = {Convergence and Finite Time Behavior of Simulated Annealing},
  journal = {Journal of Adv. Appl. Prob.},
  year = {1986},
  volume = {18},
  pages = {747--771}
}

@INPROCEEDINGS{ref11,
  author = {D. Turgut, S. K. Das and others},
  title = {Optimizing Clustering Algorithm in Mobile Ad Hoc Networks Using Genetic
	Algorithmic Approach},
  booktitle = {proc. The Global Telecommunications Conference (GLOBECOM)},
  year = {2005},
  pages = {62--66},
  address = {Taibel}
}

@ARTICLE{IEEEexample:ref41,
  author = {E.Gerhands-Padilla, P.Martini},
  title = {A Survey on mobility models for Performance analysis in Tactical
	Mobile networks},
  journal = {Journal of Telecommunication and Information Technology},
  year = {2008},
  volume = {2},
  pages = {54--61}
}

@INPROCEEDINGS{IEEEexample:ref37,
  author = {E. Osagie, P. Thulasiraman and R.K. Thulasiram },
  title = {{PACONET}: imProved Ant Colony Optimization Routing Algorithm for
	Mobile Ad Hoc NETworks},
  booktitle = {proc. 22nd International Conference on Advanced Information Networking
	and Applications},
  year = {2008},
  pages = {204--211}
}

@INPROCEEDINGS{IEEEexample:ref14,
  author = {Maan F. and Mazhar N.},
  title = {MANET routing protocols vs mobility models: A performance evaluation},
  booktitle = {Proc. Third International Conference on Ubiquitous and Future Networks
	(ICUFN)},
  year = {2011},
  pages = {179--184},
  month = {july}
}

@ARTICLE{IEEEexample:ref10,
  author = {B. Friedlander},
  title = {A Passive Localization Algorithm And Its Accuracy Analysis},
  journal = {{IEEE} Trans. Ocean Engineering},
  year = {1987},
  volume = {OE-12},
  pages = {234--245},
  number = {12}
}

@INBOOK{new3,
  title = {Genetic Algorithms},
  publisher = {Addison-Wesley},
  year = {1989},
  author = {D. E. Goldberg},
  address = {United States}
}

@BOOK{ref3,
  title = {Genetic Algorithm in a Search Optimization and Machine Learning},
  publisher = {Addison Wesley, Boston},
  year = {1989},
  author = {D. E. Goldberg},
  pages = {191--206}
}

@CONFERENCE{ref16,
  author = {E. Heidari},
  title = {Intelligent Clustering in Wireless Sensor Networks},
  booktitle = {First International Conference on Networks and Communications, 2009.
	{NETCOM '09}},
  year = {2009},
  pages = {12--17}
}

@INPROCEEDINGS{ref12,
  author = {Hoang, D. C. and Yadav, P. and Kumar, R. and Panda, S. K.},
  title = {A Robust Harmony Search Algorithm Based Clustering Protocol for Wireless
	Sensor Networks},
  booktitle = {Proc. IEEE Int Communications Workshops (ICC) Conf},
  year = {2010},
  pages = {1--5}
}

@BOOK{ref30,
  title = {The Royal Road for Genetic Algorithms: Fitness Landscapes and GA
	Performance},
  publisher = {MIT Press},
  year = {1992},
  author = {John H. Holland},
  pages = {191--206}
}

@INPROCEEDINGS{new23,
  author = {Kuo-Kai Hsu and Dwen-Ren Tsai},
  title = {Mobile Ad Hoc Network Applications in the Library},
  booktitle = {Proc. Sixth Int Intelligent Information Hiding and Multimedia Signal
	Processing (IIH-MSP) Conf},
  year = {2010},
  pages = {700--703},
  __markedentry = {[vaibhav:6]},
  owner = {vaibhav},
  timestamp = {2012.10.22}
}

@INPROCEEDINGS{ref13,
  author = {Huruiala, Petre-Cosmin and Urzica, Andreea and Gheorghe, Laura},
  title = {Hierarchical routing protocol based on evolutionary algorithms for
	Wireless Sensor Networks},
  booktitle = {Proc. 9th Roedunet Int. Conf. (RoEduNet)},
  year = {2010},
  pages = {387--392}
}

@INBOOK{new8,
  title = {Swarm Intelligence},
  publisher = {Morgan Kaufmann},
  year = {1989},
  author = {J. Kennedy, R. C. Eberhart and Y. Shi},
  address = {United States}
}

@ARTICLE{IEEEexample:ref35,
  author = {J. Kulik, W. R. Heinzelman, and H. Balakrishnan},
  title = {Negotiation-Based Protocols for Disseminating Information in Wireless
	Sensor Networks},
  journal = {Wireless Networks},
  year = {2002},
  volume = {8},
  pages = {169--185}
}

@INPROCEEDINGS{IEEEexample:ref1,
  author = {Jha V., Khetarpal K. and Sharma M},
  title = {A survey of nature inspired routing algorithms for MANETs},
  booktitle = {Proc. 3rd {IEEE} International conference on Electronics Computer
	Technology (ICECT)},
  year = {2011},
  pages = {16--24},
  month = {april}
}

@INPROCEEDINGS{IEEEexample:ref15,
  author = {K. Lukoit, N. Wilde, S. Stowell and T. Hennessey},
  title = {TraceGraph: immediate visual location of software features},
  booktitle = {Proc. International Conference on Software Maintenance},
  year = {2002},
  pages = {33--39},
  month = {august}
}

@PHDTHESIS{IEEEexample:ref42,
  author = {B. Karp},
  title = {Geographic Routing for Wireless Networks},
  school = {Harvard University},
  year = {2000},
  address = {Cambridge},
  month = {oct},
  url = {http://www0.cs.ucl.ac.uk/staff/B.Karp/}
}

@ARTICLE{IEEEexample:ref2,
  author = {L. J. G. Villalba, D. R. Canas and A. L. S. Orozco},
  title = {Bio-inspired routing protocol for mobile ad hoc networks},
  journal = {IET communications},
  year = {2010},
  volume = {4},
  pages = {2187--2195}
}

@INPROCEEDINGS{new13,
  author = {Lalbakhsh, P. and Zaeri, B. and Fesharaki, M. N. },
  title = {Applying nonlinear learning scheme on AntNet routing algorithm},
  booktitle = {Proc. Annual Meeting of the North American Fuzzy Information Processing
	Society (NAFIPS)},
  year = {2010},
  pages = {1--6},
  __markedentry = {[vaibhav:6]},
  owner = {vaibhav},
  timestamp = {2012.10.19}
}

@INPROCEEDINGS{IEEEexample:ref44,
  author = {Lan Tien Nguyen, X. Defago, R. Beuran, Y. Shinoda},
  title = {An energy efficient routing scheme for mobile wireless sensor networks},
  booktitle = {proc. IEEE International Symposium on Wireless Communication Systems.
	ISWCS '08},
  year = {2008},
  pages = {568-572}
}

@INPROCEEDINGS{IEEEexample:ref6,
  author = {Na Lin and Zhixue Shao},
  title = {Improved Ant Colony Algorithm for Multipath Routing Algorithm Research},
  booktitle = {Proc. International Symposium on Intelligence Information Processing
	and Trusted Computing (IPTC)},
  year = {2010},
  pages = {651--655}
}

@INPROCEEDINGS{IEEEexample:ref21,
  author = {Zhang Lin and Li Xiaoping},
  title = {The research and improvement of AntNet algorithm},
  booktitle = {proc. 2nd Int Informatics in Control, Automation and Robotics (CAR)
	Asia Conf},
  year = {2010},
  volume = {2},
  pages = {505--508},
  doi = {10.1109/CAR.2010.5456609}
}

@INPROCEEDINGS{new17,
  author = {Zhimeng Lv and Yong Chen},
  title = {An Exploration Technique for the Ant Colony System Optimization Framework},
  booktitle = {Proc. Int Control, Automation and Systems Engineering (CASE) Conf},
  year = {2011},
  pages = {1--4},
  __markedentry = {[vaibhav:6]},
  owner = {vaibhav},
  timestamp = {2012.10.21}
}

@MISC{new21,
  author = {M. Dorigo, V. Maniezzo, and A. Colorni},
  title = {Ant System: An Autocatalytic Optimizing Process},
  howpublished = {Technical Report 91-016, Dipartimento di Elettronica, Politechnico
	di Milano, Italy},
  year = {1991}
}

@INPROCEEDINGS{new15,
  author = {M. Gunes, U. Sorges and I. Bouazizi},
  title = {{ARA}-the ant-colony based routing algorithm for MANETs},
  booktitle = {proc. International Conference on Parallel Processing Workshops},
  year = {2002},
  pages = {79--85},
  doi = {10.1109/ICPPW.2002.1039715},
  issn = {1530-2016 },
  keywords = { ant colony based meta heuristic; ant colony based routing algorithm;
	communication end points; engineering problems; mathematical problems;
	mobile multi-hop ad-hoc networks; mobile nodes; on-demand routing
	algorithm; radio; swarm intelligence; temporary communication links;
	mobile radio; protocols; telecommunication network routing;},
  owner = {vaibhav},
  timestamp = {2012.10.21}
}

@INPROCEEDINGS{IEEEexample:ref32,
  author = {M.K.Marina},
  title = {On-demand multipath distance vector routing in ad hoc networks},
  booktitle = {proc. Ninth International Conference on Network Protocols},
  year = {2001},
  pages = {14--23}
}

@ARTICLE{IEEEexample:ref31,
  author = {Elizabeth M.R. and Chai-keong T.},
  title = {A Review of Current Routing Protocols for Ad Hoc Mobile Wireless
	Networks},
  journal = {IEEE Personal Communications},
  year = {1999},
  volume = {6},
  pages = {46--55},
  number = {2}
}

@ARTICLE{new1,
  author = {McCulloch, W. S. and Pitts, W.},
  title = {A logical calculus of the ideas immanent in nervous activity},
  journal = {Bulletin of Mathematical Biophysics},
  year = {1943},
  volume = {5},
  pages = {115--133}
}

@INPROCEEDINGS{IEEEexample:ref12,
  author = {Mehran Abolhasan, Tadeusz Wysocki and Eryk Dutkiewicza},
  title = {A review of routing protocols for mobile ad hoc networks},
  booktitle = {proc. Science Direct Ad Hoc Networks 2},
  year = {2004},
  pages = {1--22}
}

@INPROCEEDINGS{new24,
  author = {Morshed, Md. Monzur and Rahman, Meftah Ur and Rahman, Md. Habibur
	and Islam, Md. Rafiqul},
  title = {Performance comparison of TCP variants over AODV, DSDV, DSR, OLSR
	in NS-2},
  booktitle = {Proc. Int Informatics, Electronics \& Vision (ICIEV) Conf},
  year = {2012},
  pages = {1069--1074},
  __markedentry = {[vaibhav:6]},
  owner = {vaibhav},
  timestamp = {2012.10.22}
}

@ARTICLE{new19,
  author = {O. Cordon, F. Herrera, and T. StÃ¼tzle},
  title = {A Review on Ant Colony Optimization Metaheuristic: Basis, Models
	and New Trends.},
  journal = {Mathware \& Soft Computing Journal},
  year = {2002},
  volume = {9},
  pages = {141--175}
}

@ARTICLE{IEEEexample:ref43,
  author = {P. Manickam1, T. Guru Baskar, M.Girija and others},
  title = {Performance Comparison of Routing Protocols in Wireless Ad-hoc networks},
  journal = {International Journal of Wireless \& Mobile Networks (IJWMN)},
  year = {2011},
  volume = {3},
  pages = {98--106},
  number = {1}
}

@INPROCEEDINGS{new11,
  author = {Radwan, A. A. A. and Mahmoud, T. M. and Hussein, E. H. },
  title = {AntNet-{RSLR}: A proposed Ant routing protocol for {MANET}s},
  booktitle = {Proc. Saudi Int. Electronics, Communications and Photonics Conf.
	(SIECPC)},
  year = {2011},
  pages = {1--6},
  __markedentry = {[vaibhav:6]},
  owner = {vaibhav},
  timestamp = {2012.10.19}
}

@ARTICLE{IEEEexample:ref33,
  author = {Rajashree.V.Biradar, V.C. Patil and others},
  title = {Classification and Comparison Of Routing Potocols In Wireless Sensor
	Networks},
  journal = {Ubiquitous Computing and Communication Journal},
  year = {2009},
  pages = {704--711}
}

@ARTICLE{new5,
  author = {S. Kirkpatrick, C.D. Gelatt, M.P. Vecchi},
  title = {Optimization by Simulated Annealing},
  journal = {Journal of Science},
  year = {1983},
  volume = {22},
  pages = {671--680}
}

@INPROCEEDINGS{new10,
  author = {S. S. Aman, T. Akbarzadeh and M. Naghibzadeh},
  title = {A novel approach to distributed routing by super-AntNet},
  booktitle = {Proc. {IEEE} World Congress Computational Intelligence, IEEE Congress
	Evolutionary Computation (CEC)},
  year = {2008},
  pages = {2151--2157},
  __markedentry = {[vaibhav:6]},
  owner = {vaibhav},
  timestamp = {2012.10.19}
}

@MISC{IEEEexample:ref39,
  author = {M. Sanchez},
  title = {Mobility Models},
  howpublished = {http://www.disca.upv.es/misan/mobmodel.htm},
  month = nov,
  year = {2011}
}

@ARTICLE{IEEEexample:ref9,
  author = {Vikas Singla and Parveen Kakkar},
  title = {Traffic Pattern based performance comparison of Reactive and Proactive
	protocols of Mobile Ad-hoc Networks},
  journal = {International Journal of Computer Applications },
  year = {2010},
  volume = {5},
  pages = {16--20},
  number = {10}
}

@INBOOK{IEEEexample:book1,
  pages = {410--422},
  title = {Introduction to Genetic Algorithms},
  publisher = {Springer-Verlag},
  year = {2008},
  author = {S. N. Sivanandam and S. N. Deepa},
  address = {Heidelberg}
}

@ARTICLE{new14,
  author = {Srinivas Sethi, Siba Udgata},
  title = {The Efficient Ant Routing Protocol for {MANET}s},
  journal = {International Journal on Computer Science and Engineering},
  year = {2010},
  volume = {2},
  pages = {2414--2420},
  owner = {vaibhav},
  timestamp = {2012.10.19}
}

@INPROCEEDINGS{IEEEexample:ref5,
  author = {B. R. Sujatha and V. P. Harigovindan},
  title = {Performance analysis of {PBANT} ({PBANT}: Position Based ANT Colony
	Routing algorithm) for MANETs},
  booktitle = {proc. 6th {IEEE} International Conference on Networks (ICON)},
  year = {2008},
  pages = {1--6}
}

@ARTICLE{IEEEexample:ref40,
  author = {T. Camp, J. Boleng V. Davies},
  title = {A Survey of Mobility Models for Ad Hoc Network Research},
  journal = {Wireless Communications \& Mobile Computing (WCMC): Special Issue
	On Mobile Ad hoc Networking: Research, Trends and Applications},
  year = {2002},
  volume = {2},
  pages = {483--502}
}

@INBOOK{new2,
  title = {Evolutionary Algorithms in Theory and Practice: Evolution Strategies,
	Evolutionary Programming, Genetic Algorithms},
  publisher = {Oxford University Press},
  year = {1996},
  author = {B. Thomas},
  address = {United States}
}

@CONFERENCE{ref9,
  author = {V. Kreinovich, C. Quintana and O. Fuentes},
  title = {Intelligent Hierarchical Cluster-Based Routing},
  booktitle = {International Workshop on Mobility and Scalability in Wireless Sensor
	Networks (MSWSN)},
  year = {2011},
  pages = {165--172}
}

@INPROCEEDINGS{new12,
  author = {Verma, O. P. and Sharma, M. and Gupta, N. and Nanda, P. and Chawla,
	S. },
  title = {A new approach to dynamic network routing using Omicron Ant Colony
	algorithm},
  booktitle = {Proc. 3rd Int Electronics Computer Technology (ICECT) Conf},
  year = {2011},
  volume = {5},
  pages = {177--181},
  __markedentry = {[vaibhav:6]},
  owner = {vaibhav},
  timestamp = {2012.10.19}
}

@ARTICLE{ref7,
  author = {W. B . Heinzelman, A. P. Chandrakasan and H. Balakrishnan},
  title = {An application-specific protocol architecture for wireless microsensor
	networks},
  journal = {IEEE Transactions on Wireless Communications},
  year = {2002},
  volume = {1},
  pages = {660--670},
  booktitle = {Proc. 3rd {IEEE} International conference on Electronics Computer
	Technology (ICECT)}
}

@INPROCEEDINGS{ref8,
  author = {W. R. Heinzelman, A. Chandrakasan and H. Balakrishnan},
  title = {Energy-Efficient Communication Protocol for Wireless Microsensor
	Networks},
  booktitle = {Proc. The Hawaii International Conference on System Sciences},
  year = {2002},
  pages = {3005--3014},
  address = {Hawaii}
}

@ARTICLE{new22,
  author = {Wei-Ming Chen, Chung-Sheng Li, Fu-Yu Chiang, Han-Chieh Chao},
  title = {Jumping Ant Routing Algorithm for Sensor Networks},
  journal = {ScienceDirect Journal of Computer Communications},
  year = {2007},
  volume = {30},
  pages = {2892-2903},
  number = {14--15}
}

@INPROCEEDINGS{ref14,
  author = {Zhang, Yu-quan and Wei, Lei},
  title = {Improving the LEACH protocol for wireless sensor networks},
  booktitle = {Proc. IET-WSN Wireless Sensor Network IET Int. Conf},
  year = {2010},
  pages = {355--359},
  __markedentry = {[vaibhav:6]}
}

@ELECTRONIC{IEEEexample:ns2website,
  year = {2012},
  title = {The {NS-2} Website},
  url = {http://isi.edu/nsnam/ns/}
}

@ELECTRONIC{IEEEexample:ref45,
  month = {November},
  year = {2011},
  title = {The Network Simulator ns-2},
  howpublished = {http://www.isi.edu/nsnam/ns/}
}

@ELECTRONIC{IEEEexample:ref46,
  month = {October},
  year = {2011},
  title = {University of Bonn Institute of Computer Science},
  howpublished = {http://net.cs.uni-bonn.de/start/}
}

@INPROCEEDINGS{IEEEexample:new1,
author={Vijayavani, G. R. and Prema, G.},
booktitle={Advanced Communication Control and Computing Technologies (ICACCCT), 2012 IEEE International Conference on}, title={Performance comparison of MANET routing protocols with mobility model derived based on realistic mobility pattern of mobile nodes},
year={2012},
month={aug.},
volume={},
number={},
pages={32 -36},
keywords={},
doi={10.1109/ICACCCT.2012.6320729},
ISSN={},}

@INPROCEEDINGS{IEEEexample:new2,
author={Huixing Peng and Yuebin Bai and Xiaoxia Liu},
booktitle={Advanced Information Networking and Applications Workshops (WAINA), 2012 26th International Conference on}, title={End-to-End QoS Guaranteed Approach Using Multi-object Genetic Algorithm in Cognitive MANETs},
year={2012},
month={march},
volume={},
number={},
pages={938 -943},
keywords={black box concept;cognitive MANET;end-to-end quality of service;fitness function;multi-object genetic algorithm;node mobile speed;protocol stack;cognitive radio;genetic algorithms;mobile ad hoc networks;quality of service;},
doi={10.1109/WAINA.2012.6},
ISSN={},}

@article{vaibhav1,
  title={Performance Analysis of AntNet-LA Protocol for Ad-hoc Networks based on Disaster Area Mobility Model},
  author={Godbole, Vaibhav},
  journal={Radio Electronics Society, Vietnam (REV) Journal of Electronics and Communications},
  volume={3},
  number={1-2},
  pages={28--39},
  year={2013},
  publisher={IEEE Communications Society, Vietnam}
}

@article{vaibhav2,
  title={Performance analysis of bio-inspired routing protocols based on random waypoint mobility model},
  author={Godbole, Vaibhav},
  journal={Defence S \& T Technical Bulletin},
  publisher={Science & Technology Research Institute for Defence {(STRIDE), Govt. of Malaysia}},
  volume={2},
  pages={114--134}
  year={2012}
}

@book{knuth,
  title={The texbook},
  author={Knuth, Donald Ervin and Bibby, Duane},
  volume={1993},
  year={1986},
  publisher={Addison-Wesley Reading, MA, USA}
}
